2954 4800
677 1046 899 1144 Vita.

317 1401 600 1467 Maximilianus
627 1401 895 1464 Ferdinandus
919 1401 1116 1465 Rudollus
1140 1403 1343 1470 Naumanu

227 1534 321 1590 natus
338 1547 406 1590 sum
420 1525 601 1589 Hollandac
616 1527 648 1588 in
666 1526 782 1607 oppido
802 1525 971 1590 Borussiae
989 1525 1163 1592 Orientalis
1180 1549 1209 1591 a.
1228 1529 1261 1593 d.
1278 1529 1341 1595 IV.

227 1651 274 1716 ld.
299 1648 389 1736 Sept.
415 1671 443 1714 a.
468 1651 497 1713 h.
524 1672 549 1713 s.
574 1648 685 1713 LXIII
714 1658 806 1734 patra
832 1650 989 1732 Hemina,
1026 1660 1127 1716 matre
1156 1652 1289 1719 Natalia
1323 1675 1343 1720 e

227 1764 324 1860 gente
347 1775 534 1852 Wolifiana‚
571 1796 664 1857 quam
688 1774 790 1838 adhuc
814 1775 916 1837 rivam
940 1776 1023 1840 eolo.
1071 1776 1162 1841 llidei
1186 1779 1339 1844 addictus

228 1922 296 1965 sum
320 1901 537 1984 evangelicae.
577 1900 691 1963 Primis
715 1900 893 1963 litterarum
917 1902 1102 1965 rudimentis
1118 1902 1151 1964 in
1167 1905 1341 1986 gymnasio

224 2024 514 2110 Rastenhurgensi,
549 2025 633 2109 quod
669 2027 845 2088 etiamnunc
883 2033 1010 2089 rectore
1043 2026 1208 2092 FriderIco
1242 2028 1336 2095 Jahn

226 2151 336 2232 floret,
372 2172 431 2235 per
468 2171 569 2215 annos
600 2136 717 2214 ¹novem
752 2150 889 2213 imbutus
924 2152 1118 2215 maturitatis
1154 2153 1343 2220 testimonio

230 2283 364 2360 accepto
389 2294 465 2341 vere
490 2296 518 2338 a.
543 2275 572 2338 h.
599 2295 623 2339 s.
642 2273 785 2338 LXXXI
802 2274 1005 2339 Academiam
1023 2276 1224 2340 Alhertinam
1242 2278 1344 2363 Regi-

225 2408 406 2465 montanam
443 2400 521 2481 adii,
558 2409 594 2464 ut
621 2399 734 2464 studiis
762 2400 964 2482 philologieis
989 2420 1037 2464 me
1062 2400 1221 2465 dederem.
1270 2403 1342 2469 Per

226 2528 287 2590 tria
311 2526 482 2591 semestria
505 2526 659 2589 seminari
676 2525 757 2606 regii
774 2525 960 2608 philologici
976 2525 1095 2589 sodalis
1113 2524 1167 2591 lui.
1192 2527 1343 2595 Examen

225 2652 404 2733 rigorosum
442 2651 525 2733 quod
561 2657 679 2714 vocant
714 2671 742 2712 a.
769 2651 798 2713 d.
823 2650 881 2714 IV.
912 2649 979 2714 Oal.
1006 2651 1101 2714 Febr.
1125 2651 1155 2713 h.
1181 2672 1209 2714 a.
1241 2655 1341 2719 subii.

229 2776 344 2839 Audivi
367 2797 426 2860 per
451 2776 619 2839 semestria
643 2783 716 2839 octo
742 2776 826 2839 viros
850 2776 1049 2840 doctissimos
1074 2775 1188 2840 hosce:

332 2898 871 2983 Buumga1·t,F1·icdlaender,
896 2899 1137 2977 Hirschfeld,
1168 2900 1339 2984 Jordan,
1463 2928 1466 2935 ·

331 3024 530 3105 Ludwich,
556 3022 718 3105 Schade,
744 3026 895 3104 Thiele,
922 3025 1078 3089 Walter.

225 3149 346 3227 Quibus
370 3149 515 3212 omnibus
539 3170 632 3232 quam
656 3153 807 3212 maxImas
832 3149 954 3230 gratias
978 3170 1050 3230 age.
